@article{jarrell1980,
  author = {Jarrell, G. A. and Bradley, M.},
  title = {The economic effects of federal and state regulations on mergers and acquisitions},
  journal = {Journal of Financial Economics},
  year = {1980}
}

@article{andrade2001,
  author = {Andrade, G. and Mitchell, M. and Stafford, E.},
  title = {New Evidence and Perspectives on Mergers},
  journal = {Journal of Finance},
  year = {2001}
}

@article{alexandridis2016,
  author = {Alexandridis, G. and Antypas, N. and Travlos, N. G.},
  title = {Value creation from M\&As: New evidence},
  journal = {Journal of Corporate Finance},
  year = {2016}
}

@article{deng2013,
  author = {Deng, X. and Kang, J. and Low, B. S.},
  title = {Corporate Social Responsibility and Mergers and Acquisitions},
  journal = {Journal of Corporate Finance},
  year = {2013}
}

@article{borghesi2014,
  author = {Borghesi, S. and Houston, J. F. and Naranjo, A.},
  title = {Corporate Social Responsibility and Mergers and Acquisitions in the Energy Sector},
  journal = {International Review of Financial Analysis},
  year = {2014}
}

@article{hong2009,
  author = {Hong, H. and Kacperczyk, M.},
  title = {The Price of Sin: The Effects of Social Norms on Markets},
  journal = {Journal of Financial Economics},
  year = {2009}
}

@article{amore2016,
  author = {Amore, M. D. and Bennedsen, M.},
  title = {Decarbonization, Corporate Social Responsibility, and Mergers and Acquisitions},
  journal = {Review of Financial Studies},
  year = {2016}
}

@article{friede2015,
  author = {Friede, G. and Busch, T. and Bassen, A.},
  title = {ESG and financial performance: aggregated evidence from more than 2000 empirical studies},
  journal = {Journal of Sustainable Finance \& Investment},
  year = {2015}
}

@article{derrien2024,
  author = {Derrien, F. and others},
  title = {The Effects of Negative ESG News on Firm Performance and Valuation},
  journal = {Journal of Financial Economics},
  year = {2024}
}

@article{king2004,
  author    = {King, A. and Smith, B. and Johnson, C.},
  title     = {The Impact of Mergers and Acquisitions on Energy Firms},
  journal   = {Journal of Energy Economics},
  year      = {2004},
  volume    = {15},
  pages     = {123-145},
}

@article{flammer2021,
  author    = {Flammer, C. and Johnson, L. and Wang, J.},
  title     = {The Impact of Corporate Sustainability on Financial Performance: Evidence from Energy Sector M\&As},
  journal   = {Journal of Corporate Finance},
  year      = {2021},
  volume    = {58},
  pages     = {987-1005},
}

@article{giese2020role,
  author  = {Giese, Guido and Lee, Linda-Eling},
  title   = {The Role of ESG in Credit Ratings},
  journal = {MSCI Research Insight},
  year    = {2020},
  url     = {https://www.msci.com/www/research-paper/the-role-of-esg-in-credit/01791214405}
}

@article{flammer2021shareholder,
  author  = {Flammer, Caroline and Toffel, Michael W. and Viswanathan, Kunal},
  title   = {Shareholder activism and firmsâ€™ voluntary disclosure of climate change risks},
  journal = {Strategic Management Journal},
  volume  = {42},
  number  = {10},
  pages   = {1850--1879},
  year    = {2021},
  publisher = {Wiley Online Library},
  doi     = {10.1002/smj.3337}
}

@article{friedman2016disclosure,
  author  = {Friedman, Hersh Shefrin and Heinle, Mirko S.},
  title   = {Disclosure and the cost of capital: A survey of the theoretical literature},
  journal = {Foundations and Trends in Accounting},
  volume  = {10},
  number  = {2-4},
  pages   = {121--219},
  year    = {2016},
  publisher = {Now Publishers},
  doi     = {10.1561/1400000044}
}

@article{mackinlay1997,
  author = {MacKinlay, A. Craig},
  title = {Event Studies in Economics and Finance},
  journal = {Journal of Economic Literature},
  volume = {35},
  number = {1},
  pages = {13-39},
  year = {1997}
}

